@article{DBLP:journals/corr/abs-2111-05003,
  author       = {Stephan Lukasczyk and
                  Florian Kroi{\ss} and
                  Gordon Fraser},
  title        = {An Empirical Study of Automated Unit Test Generation for Python},
  journal      = {CoRR},
  volume       = {abs/2111.05003},
  year         = {2021},
  url          = {https://arxiv.org/abs/2111.05003},
  eprinttype    = {arXiv},
  eprint       = {2111.05003},
  timestamp    = {Sun, 02 Oct 2022 15:32:29 +0200},
  biburl       = {https://dblp.org/rec/journals/corr/abs-2111-05003.bib},
  bibsource    = {dblp computer science bibliography, https://dblp.org}
}

@inproceedings{DBLP:conf/icst/TrautschG17,
  author       = {Fabian Trautsch and
                  Jens Grabowski},
  title        = {Are There Any Unit Tests? An Empirical Study on Unit Testing in Open
                  Source Python Projects},
  booktitle    = {2017 {IEEE} International Conference on Software Testing, Verification
                  and Validation, {ICST} 2017, Tokyo, Japan, March 13-17, 2017},
  pages        = {207--218},
  publisher    = {{IEEE} Computer Society},
  year         = {2017},
  url          = {https://doi.org/10.1109/ICST.2017.26},
  doi          = {10.1109/ICST.2017.26},
  timestamp    = {Wed, 16 Oct 2019 14:14:54 +0200},
  biburl       = {https://dblp.org/rec/conf/icst/TrautschG17.bib},
  bibsource    = {dblp computer science bibliography, https://dblp.org}
}

@inproceedings{DBLP:conf/ssbse/LukasczykKF20,
  author       = {Stephan Lukasczyk and
                  Florian Kroi{\ss} and
                  Gordon Fraser},
  editor       = {Aldeida Aleti and
                  Annibale Panichella},
  title        = {Automated Unit Test Generation for Python},
  booktitle    = {Search-Based Software Engineering - 12th International Symposium,
                  {SSBSE} 2020, Bari, Italy, October 7-8, 2020, Proceedings},
  series       = {Lecture Notes in Computer Science},
  volume       = {12420},
  pages        = {9--24},
  publisher    = {Springer},
  year         = {2020},
  url          = {https://doi.org/10.1007/978-3-030-59762-7\_2},
  doi          = {10.1007/978-3-030-59762-7\_2},
  timestamp    = {Tue, 29 Dec 2020 18:30:04 +0100},
  biburl       = {https://dblp.org/rec/conf/ssbse/LukasczykKF20.bib},
  bibsource    = {dblp computer science bibliography, https://dblp.org}
}

@inproceedings{DBLP:conf/icse/LemieuxILS23,
  author       = {Caroline Lemieux and
                  Jeevana Priya Inala and
                  Shuvendu K. Lahiri and
                  Siddhartha Sen},
  title        = {CodaMosa: Escaping Coverage Plateaus in Test Generation with Pre-trained
                  Large Language Models},
  booktitle    = {45th {IEEE/ACM} International Conference on Software Engineering,
                  {ICSE} 2023, Melbourne, Australia, May 14-20, 2023},
  pages        = {919--931},
  publisher    = {{IEEE}},
  year         = {2023},
  url          = {https://doi.org/10.1109/ICSE48619.2023.00085},
  doi          = {10.1109/ICSE48619.2023.00085},
  timestamp    = {Wed, 19 Jul 2023 10:09:12 +0200},
  biburl       = {https://dblp.org/rec/conf/icse/LemieuxILS23.bib},
  bibsource    = {dblp computer science bibliography, https://dblp.org}
}

@article{DBLP:journals/tosem/FraserSMAP15,
  author       = {Gordon Fraser and
                  Matt Staats and
                  Phil McMinn and
                  Andrea Arcuri and
                  Frank Padberg},
  title        = {Does Automated Unit Test Generation Really Help Software Testers?
                  {A} Controlled Empirical Study},
  journal      = {{ACM} Trans. Softw. Eng. Methodol.},
  volume       = {24},
  number       = {4},
  pages        = {23:1--23:49},
  year         = {2015},
  url          = {https://doi.org/10.1145/2699688},
  doi          = {10.1145/2699688},
  timestamp    = {Mon, 23 Nov 2020 12:33:03 +0100},
  biburl       = {https://dblp.org/rec/journals/tosem/FraserSMAP15.bib},
  bibsource    = {dblp computer science bibliography, https://dblp.org}
}

@inproceedings{DBLP:conf/icst/DerezinskaH14,
  author       = {Anna Derezinska and
                  Konrad Halas},
  title        = {Experimental Evaluation of Mutation Testing Approaches to Python Programs},
  booktitle    = {Seventh {IEEE} International Conference on Software Testing, Verification
                  and Validation, {ICST} 2014 Workshops Proceedings, March 31 - April
                  4, 2014, Cleveland, Ohio, {USA}},
  pages        = {156--164},
  publisher    = {{IEEE} Computer Society},
  year         = {2014},
  url          = {https://doi.org/10.1109/ICSTW.2014.24},
  doi          = {10.1109/ICSTW.2014.24},
  timestamp    = {Thu, 23 Mar 2023 23:58:21 +0100},
  biburl       = {https://dblp.org/rec/conf/icst/DerezinskaH14.bib},
  bibsource    = {dblp computer science bibliography, https://dblp.org}
}

@inproceedings{DBLP:conf/sigsoft/0001O00D21,
  author       = {Yun Lin and
                  You Sheng Ong and
                  Jun Sun and
                  Gordon Fraser and
                  Jin Song Dong},
  editor       = {Diomidis Spinellis and
                  Georgios Gousios and
                  Marsha Chechik and
                  Massimiliano Di Penta},
  title        = {Graph-based seed object synthesis for search-based unit testing},
  booktitle    = {{ESEC/FSE} '21: 29th {ACM} Joint European Software Engineering Conference
                  and Symposium on the Foundations of Software Engineering, Athens,
                  Greece, August 23-28, 2021},
  pages        = {1068--1080},
  publisher    = {{ACM}},
  year         = {2021},
  url          = {https://doi.org/10.1145/3468264.3468619},
  doi          = {10.1145/3468264.3468619},
  timestamp    = {Sat, 08 Jan 2022 02:24:42 +0100},
  biburl       = {https://dblp.org/rec/conf/sigsoft/0001O00D21.bib},
  bibsource    = {dblp computer science bibliography, https://dblp.org}
}

@inproceedings{DBLP:conf/wcre/BarbosaH22,
  author       = {L{\'{\i}}via Barbosa and
                  Andr{\'{e}} C. Hora},
  title        = {How and Why Developers Migrate Python Tests},
  booktitle    = {{IEEE} International Conference on Software Analysis, Evolution and
                  Reengineering, {SANER} 2022, Honolulu, HI, USA, March 15-18, 2022},
  pages        = {538--548},
  publisher    = {{IEEE}},
  year         = {2022},
  url          = {https://doi.org/10.1109/SANER53432.2022.00071},
  doi          = {10.1109/SANER53432.2022.00071},
  timestamp    = {Fri, 29 Jul 2022 21:55:23 +0200},
  biburl       = {https://dblp.org/rec/conf/wcre/BarbosaH22.bib},
  bibsource    = {dblp computer science bibliography, https://dblp.org}
}

@inproceedings{DBLP:conf/icst/Mirshokraie0P15,
  author       = {Shabnam Mirshokraie and
                  Ali Mesbah and
                  Karthik Pattabiraman},
  title        = {{JSEFT:} Automated Javascript Unit Test Generation},
  booktitle    = {8th {IEEE} International Conference on Software Testing, Verification
                  and Validation, {ICST} 2015, Graz, Austria, April 13-17, 2015},
  pages        = {1--10},
  publisher    = {{IEEE} Computer Society},
  year         = {2015},
  url          = {https://doi.org/10.1109/ICST.2015.7102595},
  doi          = {10.1109/ICST.2015.7102595},
  timestamp    = {Sun, 06 Aug 2023 20:52:07 +0200},
  biburl       = {https://dblp.org/rec/conf/icst/Mirshokraie0P15.bib},
  bibsource    = {dblp computer science bibliography, https://dblp.org}
}

@article{DBLP:journals/corr/abs-2302-02343,
  author       = {Beatriz Souza and
                  Michael Pradel},
  title        = {LExecutor: Learning-Guided Execution},
  journal      = {CoRR},
  volume       = {abs/2302.02343},
  year         = {2023},
  url          = {https://doi.org/10.48550/arXiv.2302.02343},
  doi          = {10.48550/ARXIV.2302.02343},
  eprinttype    = {arXiv},
  eprint       = {2302.02343},
  timestamp    = {Fri, 10 Feb 2023 12:26:38 +0100},
  biburl       = {https://dblp.org/rec/journals/corr/abs-2302-02343.bib},
  bibsource    = {dblp computer science bibliography, https://dblp.org}
}

@inproceedings{DBLP:conf/ecoop/MaciverD19,
  author       = {David Maciver and
                  Alastair F. Donaldson},
  editor       = {Robert Hirschfeld and
                  Tobias Pape},
  title        = {Test-Case Reduction via Test-Case Generation: Insights from the Hypothesis
                  Reducer (Tool Insights Paper)},
  booktitle    = {34th European Conference on Object-Oriented Programming, {ECOOP} 2020,
                  November 15-17, 2020, Berlin, Germany (Virtual Conference)},
  series       = {LIPIcs},
  volume       = {166},
  pages        = {13:1--13:27},
  publisher    = {Schloss Dagstuhl - Leibniz-Zentrum f{\"{u}}r Informatik},
  year         = {2020},
  url          = {https://doi.org/10.4230/LIPIcs.ECOOP.2020.13},
  doi          = {10.4230/LIPICS.ECOOP.2020.13},
  timestamp    = {Mon, 21 Dec 2020 13:23:22 +0100},
  biburl       = {https://dblp.org/rec/conf/ecoop/MaciverD19.bib},
  bibsource    = {dblp computer science bibliography, https://dblp.org}
}

@inproceedings{DBLP:conf/cav/HassanUE018,
  author       = {Mostafa Hassan and
                  Caterina Urban and
                  Marco Eilers and
                  Peter M{\"{u}}ller},
  editor       = {Hana Chockler and
                  Georg Weissenbacher},
  title        = {MaxSMT-Based Type Inference for Python 3},
  booktitle    = {Computer Aided Verification - 30th International Conference, {CAV}
                  2018, Held as Part of the Federated Logic Conference, FloC 2018, Oxford,
                  UK, July 14-17, 2018, Proceedings, Part {II}},
  series       = {Lecture Notes in Computer Science},
  volume       = {10982},
  pages        = {12--19},
  publisher    = {Springer},
  year         = {2018},
  url          = {https://doi.org/10.1007/978-3-319-96142-2\_2},
  doi          = {10.1007/978-3-319-96142-2\_2},
  timestamp    = {Fri, 09 Apr 2021 18:35:26 +0200},
  biburl       = {https://dblp.org/rec/conf/cav/HassanUE018.bib},
  bibsource    = {dblp computer science bibliography, https://dblp.org}
}

@inproceedings{DBLP:conf/icse/LukasczykF22,
  author       = {Stephan Lukasczyk and
                  Gordon Fraser},
  title        = {Pynguin: Automated Unit Test Generation for Python},
  booktitle    = {44th {IEEE/ACM} International Conference on Software Engineering:
                  Companion Proceedings, {ICSE} Companion 2022, Pittsburgh, PA, USA,
                  May 22-24, 2022},
  pages        = {168--172},
  publisher    = {{ACM/IEEE}},
  year         = {2022},
  url          = {https://doi.org/10.1145/3510454.3516829},
  doi          = {10.1145/3510454.3516829},
  timestamp    = {Wed, 07 Dec 2022 23:10:19 +0100},
  biburl       = {https://dblp.org/rec/conf/icse/LukasczykF22.bib},
  bibsource    = {dblp computer science bibliography, https://dblp.org}
}

@inproceedings{DBLP:conf/icst/PanichellaKT15,
  author       = {Annibale Panichella and
                  Fitsum Meshesha Kifetew and
                  Paolo Tonella},
  title        = {Reformulating Branch Coverage as a Many-Objective Optimization Problem},
  booktitle    = {8th {IEEE} International Conference on Software Testing, Verification
                  and Validation, {ICST} 2015, Graz, Austria, April 13-17, 2015},
  pages        = {1--10},
  publisher    = {{IEEE} Computer Society},
  year         = {2015},
  url          = {https://doi.org/10.1109/ICST.2015.7102604},
  doi          = {10.1109/ICST.2015.7102604},
  timestamp    = {Thu, 23 Mar 2023 23:58:21 +0100},
  biburl       = {https://dblp.org/rec/conf/icst/PanichellaKT15.bib},
  bibsource    = {dblp computer science bibliography, https://dblp.org}
}

@article{DBLP:journals/pacmpl/SelakovicPKT18,
  author       = {Marija Selakovic and
                  Michael Pradel and
                  Rezwana Karim and
                  Frank Tip},
  title        = {Test generation for higher-order functions in dynamic languages},
  journal      = {Proc. {ACM} Program. Lang.},
  volume       = {2},
  number       = {{OOPSLA}},
  pages        = {161:1--161:27},
  year         = {2018},
  url          = {https://doi.org/10.1145/3276531},
  doi          = {10.1145/3276531},
  timestamp    = {Wed, 17 Feb 2021 08:54:09 +0100},
  biburl       = {https://dblp.org/rec/journals/pacmpl/SelakovicPKT18.bib},
  bibsource    = {dblp computer science bibliography, https://dblp.org}
}

@inproceedings{7437005,
  author       = {Junno Tantra Pratama Wibowo and 
                  Bayu Hendradjaya and 
                  YaniWidyani},
  booktitle    = {2015 International Conference on Data and Software Engineering (ICoDSE)}, 
  title        = {Unit test code generator for lua programming language}, 
  year         = {2015},
  volume       = {},
  number       = {},
  pages        = {241-245},
  doi          = {10.1109/ICODSE.2015.7437005}}

@inproceedings{DBLP:conf/aitest/MagalhaesMJP23,
  author       = {Manuel Magalh{\~{a}}es and
                  {\^{A}}ngelo Morgado and
                  Henrique Jesus and
                  Nuno Pombo},
  title        = {Unlocking the Potential of Dynamic Languages: An Exploration of Automated
                  Unit Test Generation Techniques},
  booktitle    = {{IEEE} International Conference On Artificial Intelligence Testing,
                  AITest 2023, Athens, Greece, July 17-20, 2023},
  pages        = {122--126},
  publisher    = {{IEEE}},
  year         = {2023},
  url          = {https://doi.org/10.1109/AITest58265.2023.00027},
  doi          = {10.1109/AITEST58265.2023.00027},
  timestamp    = {Wed, 06 Sep 2023 16:07:23 +0200},
  biburl       = {https://dblp.org/rec/conf/aitest/MagalhaesMJP23.bib},
  bibsource    = {dblp computer science bibliography, https://dblp.org}
}

@article{DBLP:journals/tse/FraserA13,
  author       = {Gordon Fraser and
                  Andrea Arcuri},
  title        = {Whole Test Suite Generation},
  journal      = {{IEEE} Trans. Software Eng.},
  volume       = {39},
  number       = {2},
  pages        = {276--291},
  year         = {2013},
  url          = {https://doi.org/10.1109/TSE.2012.14},
  doi          = {10.1109/TSE.2012.14},
  timestamp    = {Mon, 23 Nov 2020 12:33:04 +0100},
  biburl       = {https://dblp.org/rec/journals/tse/FraserA13.bib},
  bibsource    = {dblp computer science bibliography, https://dblp.org}
}

@inproceedings{DBLP:conf/icse/PachecoLEB07,
  author       = {Carlos Pacheco and
                  Shuvendu K. Lahiri and
                  Michael D. Ernst and
                  Thomas Ball},
  title        = {Feedback-Directed Random Test Generation},
  booktitle    = {29th International Conference on Software Engineering {(ICSE} 2007),
                  Minneapolis, MN, USA, May 20-26, 2007},
  pages        = {75--84},
  publisher    = {{IEEE} Computer Society},
  year         = {2007},
  url          = {https://doi.org/10.1109/ICSE.2007.37},
  doi          = {10.1109/ICSE.2007.37},
  timestamp    = {Thu, 23 Mar 2023 23:58:06 +0100},
  biburl       = {https://dblp.org/rec/conf/icse/PachecoLEB07.bib},
  bibsource    = {dblp computer science bibliography, https://dblp.org}
}

@inproceedings{DBLP:conf/ssbse/Arcuri17,
  author       = {Andrea Arcuri},
  editor       = {Tim Menzies and
                  Justyna Petke},
  title        = {Many Independent Objective {(MIO)} Algorithm for Test Suite Generation},
  booktitle    = {Search Based Software Engineering - 9th International Symposium, {SSBSE}
                  2017, Paderborn, Germany, September 9-11, 2017, Proceedings},
  series       = {Lecture Notes in Computer Science},
  volume       = {10452},
  pages        = {3--17},
  publisher    = {Springer},
  year         = {2017},
  url          = {https://doi.org/10.1007/978-3-319-66299-2\_1},
  doi          = {10.1007/978-3-319-66299-2\_1},
  timestamp    = {Tue, 14 May 2019 10:00:43 +0200},
  biburl       = {https://dblp.org/rec/conf/ssbse/Arcuri17.bib},
  bibsource    = {dblp computer science bibliography, https://dblp.org}
}

@article{DBLP:journals/tse/PanichellaKT18,
  author       = {Annibale Panichella and
                  Fitsum Meshesha Kifetew and
                  Paolo Tonella},
  title        = {Automated Test Case Generation as a Many-Objective Optimisation Problem
                  with Dynamic Selection of the Targets},
  journal      = {{IEEE} Trans. Software Eng.},
  volume       = {44},
  number       = {2},
  pages        = {122--158},
  year         = {2018},
  url          = {https://doi.org/10.1109/TSE.2017.2663435},
  doi          = {10.1109/TSE.2017.2663435},
  timestamp    = {Wed, 25 Sep 2019 18:00:08 +0200},
  biburl       = {https://dblp.org/rec/journals/tse/PanichellaKT18.bib},
  bibsource    = {dblp computer science bibliography, https://dblp.org}
}

@article{DBLP:journals/ese/RojasVAF17,
  author       = {Jos{\'{e}} Miguel Rojas and
                  Mattia Vivanti and
                  Andrea Arcuri and
                  Gordon Fraser},
  title        = {A detailed investigation of the effectiveness of whole test suite
                  generation},
  journal      = {Empir. Softw. Eng.},
  volume       = {22},
  number       = {2},
  pages        = {852--893},
  year         = {2017},
  url          = {https://doi.org/10.1007/s10664-015-9424-2},
  doi          = {10.1007/S10664-015-9424-2},
  timestamp    = {Mon, 23 Nov 2020 12:33:04 +0100},
  biburl       = {https://dblp.org/rec/journals/ese/RojasVAF17.bib},
  bibsource    = {dblp computer science bibliography, https://dblp.org}
}

@inproceedings{DBLP:conf/sac/SalariEAS23,
  author       = {Mikael Ebrahimi Salari and
                  Eduard Paul Enoiu and
                  Wasif Afzal and
                  Cristina Seceleanu},
  editor       = {Jiman Hong and
                  Maart Lanperne and
                  Juw Won Park and
                  Tom{\'{a}}s Cern{\'{y}} and
                  Hossain Shahriar},
  title        = {PyLC: {A} Framework for Transforming and Validating {PLC} Software
                  using Python and Pynguin Test Generator},
  booktitle    = {Proceedings of the 38th {ACM/SIGAPP} Symposium on Applied Computing,
                  {SAC} 2023, Tallinn, Estonia, March 27-31, 2023},
  pages        = {1476--1485},
  publisher    = {{ACM}},
  year         = {2023},
  url          = {https://doi.org/10.1145/3555776.3577698},
  doi          = {10.1145/3555776.3577698},
  timestamp    = {Fri, 21 Jul 2023 22:25:35 +0200},
  biburl       = {https://dblp.org/rec/conf/sac/SalariEAS23.bib},
  bibsource    = {dblp computer science bibliography, https://dblp.org}
}

@article{DBLP:journals/corr/abs-2307-04346,
  author       = {Vasudev Vikram and
                  Caroline Lemieux and
                  Rohan Padhye},
  title        = {Can Large Language Models Write Good Property-Based Tests?},
  journal      = {CoRR},
  volume       = {abs/2307.04346},
  year         = {2023},
  url          = {https://doi.org/10.48550/arXiv.2307.04346},
  doi          = {10.48550/ARXIV.2307.04346},
  eprinttype    = {arXiv},
  eprint       = {2307.04346},
  timestamp    = {Mon, 24 Jul 2023 16:32:58 +0200},
  biburl       = {https://dblp.org/rec/journals/corr/abs-2307-04346.bib},
  bibsource    = {dblp computer science bibliography, https://dblp.org}
}

@article{DBLP:journals/corr/abs-2207-10397,
  author       = {Bei Chen and
                  Fengji Zhang and
                  Anh Nguyen and
                  Daoguang Zan and
                  Zeqi Lin and
                  Jian{-}Guang Lou and
                  Weizhu Chen},
  title        = {CodeT: Code Generation with Generated Tests},
  journal      = {CoRR},
  volume       = {abs/2207.10397},
  year         = {2022},
  url          = {https://doi.org/10.48550/arXiv.2207.10397},
  doi          = {10.48550/ARXIV.2207.10397},
  eprinttype    = {arXiv},
  eprint       = {2207.10397},
  timestamp    = {Mon, 25 Jul 2022 14:56:58 +0200},
  biburl       = {https://dblp.org/rec/journals/corr/abs-2207-10397.bib},
  bibsource    = {dblp computer science bibliography, https://dblp.org}
}

@article{DBLP:journals/corr/abs-2308-16557,
  author       = {Arghavan Moradi Dakhel and
                  Amin Nikanjam and
                  Vahid Majdinasab and
                  Foutse Khomh and
                  Michel C. Desmarais},
  title        = {Effective Test Generation Using Pre-trained Large Language Models
                  and Mutation Testing},
  journal      = {CoRR},
  volume       = {abs/2308.16557},
  year         = {2023},
  url          = {https://doi.org/10.48550/arXiv.2308.16557},
  doi          = {10.48550/ARXIV.2308.16557},
  eprinttype    = {arXiv},
  eprint       = {2308.16557},
  timestamp    = {Mon, 04 Sep 2023 15:29:24 +0200},
  biburl       = {https://dblp.org/rec/journals/corr/abs-2308-16557.bib},
  bibsource    = {dblp computer science bibliography, https://dblp.org}
}

@article{DBLP:journals/corr/abs-2307-00404,
  author       = {Arunkaleeshwaran Narayanan and
                  Nima Shiri Harzevili and
                  Junjie Wang and
                  Lin Shi and
                  Moshi Wei and
                  Song Wang},
  title        = {Automatic Unit Test Generation for Deep Learning Frameworks based
                  on {API} Knowledge},
  journal      = {CoRR},
  volume       = {abs/2307.00404},
  year         = {2023},
  url          = {https://doi.org/10.48550/arXiv.2307.00404},
  doi          = {10.48550/ARXIV.2307.00404},
  eprinttype    = {arXiv},
  eprint       = {2307.00404},
  timestamp    = {Mon, 10 Jul 2023 17:27:00 +0200},
  biburl       = {https://dblp.org/rec/journals/corr/abs-2307-00404.bib},
  bibsource    = {dblp computer science bibliography, https://dblp.org}
}

@misc{li2023nuances,
      title={Nuances are the Key: Unlocking ChatGPT to Find Failure-Inducing Tests with Differential Prompting}, 
      author={Tsz-On Li and Wenxi Zong and Yibo Wang and Haoye Tian and Ying Wang and Shing-Chi Cheung and Jeff Kramer},
      year={2023},
      eprint={2304.11686},
      archivePrefix={arXiv},
      primaryClass={cs.SE}
}

@inproceedings{DBLP:conf/ease/WangMCGSP23,
  author       = {Siwei Wang and
                  Xue Mao and
                  Ziguang Cao and
                  Yujun Gao and
                  Qucheng Shen and
                  Chao Peng},
  title        = {NxtUnit: Automated Unit Test Generation for Go},
  booktitle    = {Proceedings of the 27th International Conference on Evaluation and
                  Assessment in Software Engineering, {EASE} 2023, Oulu, Finland, June
                  14-16, 2023},
  pages        = {176--179},
  publisher    = {{ACM}},
  year         = {2023},
  url          = {https://doi.org/10.1145/3593434.3593443},
  doi          = {10.1145/3593434.3593443},
  timestamp    = {Thu, 15 Jun 2023 21:57:02 +0200},
  biburl       = {https://dblp.org/rec/conf/ease/WangMCGSP23.bib},
  bibsource    = {dblp computer science bibliography, https://dblp.org}
}

@inproceedings{DBLP:conf/sigsoft/FraserA11,
  author       = {Gordon Fraser and
                  Andrea Arcuri},
  editor       = {Tibor Gyim{\'{o}}thy and
                  Andreas Zeller},
  title        = {EvoSuite: automatic test suite generation for object-oriented software},
  booktitle    = {SIGSOFT/FSE'11 19th {ACM} {SIGSOFT} Symposium on the Foundations of
                  Software Engineering {(FSE-19)} and ESEC'11: 13th European Software
                  Engineering Conference (ESEC-13), Szeged, Hungary, September 5-9,
                  2011},
  pages        = {416--419},
  publisher    = {{ACM}},
  year         = {2011},
  url          = {https://doi.org/10.1145/2025113.2025179},
  doi          = {10.1145/2025113.2025179},
  timestamp    = {Mon, 23 Nov 2020 12:33:10 +0100},
  biburl       = {https://dblp.org/rec/conf/sigsoft/FraserA11.bib},
  bibsource    = {dblp computer science bibliography, https://dblp.org}
}

@inproceedings{DBLP:conf/qsic/FraserA11,
  author       = {Gordon Fraser and
                  Andrea Arcuri},
  editor       = {Manuel N{\'{u}}{\~{n}}ez and
                  Robert M. Hierons and
                  Mercedes G. Merayo},
  title        = {Evolutionary Generation of Whole Test Suites},
  booktitle    = {Proceedings of the 11th International Conference on Quality Software,
                  {QSIC} 2011, Madrid, Spain, July 13-14, 2011},
  pages        = {31--40},
  publisher    = {{IEEE} Computer Society},
  year         = {2011},
  url          = {https://doi.org/10.1109/QSIC.2011.19},
  doi          = {10.1109/QSIC.2011.19},
  timestamp    = {Thu, 23 Mar 2023 23:58:02 +0100},
  biburl       = {https://dblp.org/rec/conf/qsic/FraserA11.bib},
  bibsource    = {dblp computer science bibliography, https://dblp.org}
}

@article{DBLP:journals/cacm/FischlerB81,
  author       = {Martin A. Fischler and
                  Robert C. Bolles},
  title        = {Random Sample Consensus: {A} Paradigm for Model Fitting with Applications
                  to Image Analysis and Automated Cartography},
  journal      = {Commun. {ACM}},
  volume       = {24},
  number       = {6},
  pages        = {381--395},
  year         = {1981},
  url          = {https://doi.org/10.1145/358669.358692},
  doi          = {10.1145/358669.358692},
  timestamp    = {Fri, 24 Mar 2023 16:31:07 +0100},
  biburl       = {https://dblp.org/rec/journals/cacm/FischlerB81.bib},
  bibsource    = {dblp computer science bibliography, https://dblp.org}
}

@inproceedings{agrawal1994fast,
  title={Fast algorithms for mining association rules},
  author={Agrawal, Rakesh and Srikant, Ramakrishnan and others},
  booktitle={Proc. 20th int. conf. very large data bases, VLDB},
  volume={1215},
  pages={487--499},
  year={1994},
  organization={Santiago, Chile}
}

@Inbook{Rey2011,
author="Rey, Denise
and Neuh{\"a}user, Markus",
editor="Lovric, Miodrag",
title="Wilcoxon-Signed-Rank Test",
bookTitle="International Encyclopedia of Statistical Science",
year="2011",
publisher="Springer Berlin Heidelberg",
address="Berlin, Heidelberg",
pages="1658--1659",
isbn="978-3-642-04898-2",
doi="10.1007/978-3-642-04898-2_616",
url="https://doi.org/10.1007/978-3-642-04898-2_616"
}

@inproceedings{DBLP:conf/kbse/Feldmeier022,
  author       = {Patric Feldmeier and
                  Gordon Fraser},
  title        = {Neuroevolution-Based Generation of Tests and Oracles for Games},
  booktitle    = {37th {IEEE/ACM} International Conference on Automated Software Engineering,
                  {ASE} 2022, Rochester, MI, USA, October 10-14, 2022},
  pages        = {72:1--72:13},
  publisher    = {{ACM}},
  year         = {2022},
  url          = {https://doi.org/10.1145/3551349.3556939},
  doi          = {10.1145/3551349.3556939},
  timestamp    = {Sun, 15 Jan 2023 18:32:11 +0100},
  biburl       = {https://dblp.org/rec/conf/kbse/Feldmeier022.bib},
  bibsource    = {dblp computer science bibliography, https://dblp.org}
}

@article{stanley2002evolving,
  title={Evolving neural networks through augmenting topologies},
  author={Stanley, Kenneth O and Miikkulainen, Risto},
  journal={Evolutionary computation},
  volume={10},
  number={2},
  pages={99--127},
  year={2002},
  publisher={MIT Press}
}

@inproceedings{DBLP:conf/icse/MirLPG22,
  author       = {Amir M. Mir and
                  Evaldas Latoskinas and
                  Sebastian Proksch and
                  Georgios Gousios},
  title        = {Type4Py: Practical Deep Similarity Learning-Based Type Inference for
                  Python},
  booktitle    = {44th {IEEE/ACM} 44th International Conference on Software Engineering,
                  {ICSE} 2022, Pittsburgh, PA, USA, May 25-27, 2022},
  pages        = {2241--2252},
  publisher    = {{ACM}},
  year         = {2022},
  url          = {https://doi.org/10.1145/3510003.3510124},
  doi          = {10.1145/3510003.3510124},
  timestamp    = {Sun, 02 Oct 2022 16:06:32 +0200},
  biburl       = {https://dblp.org/rec/conf/icse/MirLPG22.bib},
  bibsource    = {dblp computer science bibliography, https://dblp.org}
}

@inproceedings{DBLP:conf/icst/SchulerZ11,
  author       = {David Schuler and
                  Andreas Zeller},
  title        = {Assessing Oracle Quality with Checked Coverage},
  booktitle    = {Fourth {IEEE} International Conference on Software Testing, Verification
                  and Validation, {ICST} 2011, Berlin, Germany, March 21-25, 2011},
  pages        = {90--99},
  publisher    = {{IEEE} Computer Society},
  year         = {2011},
  url          = {https://doi.org/10.1109/ICST.2011.32},
  doi          = {10.1109/ICST.2011.32},
  timestamp    = {Thu, 23 Mar 2023 23:58:20 +0100},
  biburl       = {https://dblp.org/rec/conf/icst/SchulerZ11.bib},
  bibsource    = {dblp computer science bibliography, https://dblp.org}
}

@article{DBLP:journals/infsof/Arcuri18,
  author       = {Andrea Arcuri},
  title        = {Test suite generation with the Many Independent Objective {(MIO)}
                  algorithm},
  journal      = {Inf. Softw. Technol.},
  volume       = {104},
  pages        = {195--206},
  year         = {2018},
  url          = {https://doi.org/10.1016/j.infsof.2018.05.003},
  doi          = {10.1016/J.INFSOF.2018.05.003},
  timestamp    = {Tue, 16 Aug 2022 23:05:34 +0200},
  biburl       = {https://dblp.org/rec/journals/infsof/Arcuri18.bib},
  bibsource    = {dblp computer science bibliography, https://dblp.org}
}

@inproceedings{DBLP:conf/issta/KifetewPLOT13,
  author       = {Fitsum Meshesha Kifetew and
                  Annibale Panichella and
                  Andrea De Lucia and
                  Rocco Oliveto and
                  Paolo Tonella},
  editor       = {Mauro Pezz{\`{e}} and
                  Mark Harman},
  title        = {Orthogonal exploration of the search space in evolutionary test case
                  generation},
  booktitle    = {International Symposium on Software Testing and Analysis, {ISSTA}
                  '13, Lugano, Switzerland, July 15-20, 2013},
  pages        = {257--267},
  publisher    = {{ACM}},
  year         = {2013},
  url          = {https://doi.org/10.1145/2483760.2483789},
  doi          = {10.1145/2483760.2483789},
  timestamp    = {Sun, 02 Oct 2022 16:10:12 +0200},
  biburl       = {https://dblp.org/rec/conf/issta/KifetewPLOT13.bib},
  bibsource    = {dblp computer science bibliography, https://dblp.org}
}